@misc{1,
author={{Fox Ellis Agency}},
title ={The ‘Drop’ Culture Strategy.},
note={Accessed on Nov. 3, 2021.},
howpublished={\url{https://www.foxellissports.com/post/the-drop-culture-strategy}},
}

@misc{2,
author={{Koss, Hal}},
title ={Product Drops Aren’t Just for Sneaker Brands.},
note={Accessed on Jul. 14, 2021..},
howpublished={\url{https://builtin.com/marketing/product-drops-digital}},
}

@misc{3,
author={{Hunt, Joshua}},
title ={You Could Be Competing With Bots to Buy Gifts This Christmas.},
note={Accessed on Oct. 25, 2021.},
howpublished={\url{https://www.bloomberg.com/news/features/2021-10-25/how-bots-are-buying-up-all-this-year-s-hottest-christmas-gifts}},
}

@article{4,
author={{Kahneman, Daniel, et al.}},
title ={Fairness as a Constraint on Profit Seeking: Entitlements in the Market.},
  journal   = {The American Economic Review},
  volume    = {vol. 76, no. 4},
  year      = {1986},
  url       = {http://www.jstor.org/stable/1806070}
}

@misc{5,
author={{Strategy \& Report.}},
title ={Streetwear Impact Report.},
year={2019.},
howpublished={\url{https://strategyand.hypebeast.com/streetwear-report}},
}

@misc{6,
author={{Ffooks, Avalon and Zak Maoui.}},
title ={Beat the Supreme Drop System with Ease.},
note={May, 5, 2021.},
howpublished={\url{https://www.gq-magazine.co.uk/article/beat-the-supreme-drop-system}},
}

@misc{10,
author={{Wikipedia}},
title ={Better Online Ticket Sales Act.},
note={Accessed on Nov. 9, 2021.},
howpublished={\url{https://en.wikipedia.org/wiki/Better\_Online\_Tickets\_Sales\_Act}},
}

%11
@misc{11,
author={{Federal Trade Commission.}},
title ={FTC Brings First-Ever Cases Under the BOTS Act.},
note={Accessed on Nov. 9, 2021.},
howpublished={\url{https://www.ftc.gov/news-events/press-releases/2021/01/ftc-brings-first-ever-cases-under-bots-act}},
}

%12
@misc{12,
author={{Burning Man Project}},
title ={Addressing Issues with our 2019 Main Sale.},
note={Apr. 11, 2019.},
howpublished={\url{https://journal.burningman.org/2019/04/news/brc-news/2019-main-sale-issues/}},
}

@misc{17,
author={{Stobierski, Tom}},
title ={Willingness to Pay: What It Is \& How To Calculate},
note={Oct. 20, 2020.},
howpublished={\url{https://online.hbs.edu/blog/post/willingness-to-pay?tempview=logoconvert}},
}


@misc{18,
author={{Buterin, Vitalik}},
title ={Alternatives to selling at below-market-clearing prices for achieving fairness (or community sentiment, or fun)},
note={Apr. 22, 2021.},
howpublished={\url{https://vitalik.ca/general/2021/08/22/prices.html}},
}

@misc{19,
author={{Buterin, Vitalik}},
title ={Alternatives to selling at below-market-clearing prices for achieving fairness (or community sentiment, or fun)},
note={Apr. 22, 2021.},
howpublished={\url{https://vitalik.ca/general/2021/08/22/prices.html}},
}






@article{DBLP:journals/corr/abs-2010-01373,
  author    = {Taotao Wang and
               Chonghe Zhao and
               Qing Yang and
               Shengli Zhang},
  title     = {Ethna: Analyzing the Underlying Peer-to-Peer Network of the Ethereum
               Blockchain},
  journal   = {CoRR},
  volume    = {abs/2010.01373},
  year      = {2020},
  url       = {https://arxiv.org/abs/2010.01373},
  archivePrefix = {arXiv},
  eprint    = {2010.01373},
  timestamp = {Mon, 12 Oct 2020 17:53:10 +0200},
  biburl    = {https://dblp.org/rec/journals/corr/abs-2010-01373.bib},
  bibsource = {dblp computer science bibliography, https://dblp.org}
}


@article{Alharby_2020,
   title={BlockSim: An Extensible Simulation Tool for Blockchain Systems},
   volume={3},
   ISSN={2624-7852},
   url={http://dx.doi.org/10.3389/fbloc.2020.00028},
   DOI={10.3389/fbloc.2020.00028},
   journal={Frontiers in Blockchain},
   publisher={Frontiers Media SA},
   author={Alharby, Maher and van Moorsel, Aad},
   year={2020},
   month={Jun}
}


@article{liu2020look,
      title={A First Look into DeFi Oracles}, 
      author={Bowen Liu and Pawel Szalachowski and Jianying Zhou},
      year={2020},
      eprint={2005.04377},
      archivePrefix={arXiv},
      journal={arXiv preprint arXiv:2005.04377},
      primaryClass={cs.CR}
}


@article{baird2019economics,
      title={The Economics of Smart Contracts}, 
      author={Kirk Baird and Seongho Jeong and Yeonsoo Kim and Bernd Burgstaller and Bernhard Scholz},
      year={2019},
      eprint={1910.11143},
      archivePrefix={arXiv},
      journal={arXiv preprint arXiv:1910.11143},
      primaryClass={cs.DC}
}

@INPROCEEDINGS{8530775,
  author={A. {Aldweesh} and M. {Alharby} and E. {Solaiman} and A. {van Moorsel}},
  booktitle={2018 14th European Dependable Computing Conference (EDCC)}, 
  title={Performance Benchmarking of Smart Contracts to Assess Miner Incentives in Ethereum}, 
  year={2018},
  volume={},
  number={},
  pages={144-149},
  doi={10.1109/EDCC.2018.00034}}
  
@article{daian2019flash,
      title={Flash Boys 2.0: Frontrunning, Transaction Reordering, and Consensus Instability in Decentralized Exchanges}, 
      author={Philip Daian and Steven Goldfeder and Tyler Kell and Yunqi Li and Xueyuan Zhao and Iddo Bentov and Lorenz Breidenbach and Ari Juels},
      year={2019},
      eprint={1904.05234},
      archivePrefix={arXiv},
      journal={arXiv preprint arXiv:1904.05234},
      primaryClass={cs.CR}
}  

@article{zhang2019deco,
  title={DECO: Liberating Web Data Using Decentralized Oracles for TLS},
  author={Zhang, Fan and Maram, Sai Krishna Deepak and Malvai, Harjasleen and Goldfeder, Steven and Juels, Ari},
  journal={arXiv preprint arXiv:1909.00938},
  year={2019}
}

@misc{cryptoeprint:2016:168,
    author = {Fan Zhang and Ethan Cecchetti and Kyle Croman and Ari Juels and Elaine Shi},
    title = {Town Crier: An Authenticated Data Feed for Smart Contracts},
    howpublished = {Cryptology ePrint Archive, Report 2016/168},
    year = {2016},
    note = {\url{https://eprint.iacr.org/2016/168}},
}


@book{10.5555/1894960,
author = {Etzion, Opher and Niblett, Peter},
title = {Event Processing in Action},
year = {2010},
isbn = {1935182218},
publisher = {Manning Publications Co.},
address = {USA},
edition = {1st},
abstract = {}
}

@book{10.5555/515781,
author = {Luckham, David C.},
title = {The  Power of Events: An Introduction to Complex Event Processing in Distributed Enterprise Systems},
year = {2001},
isbn = {0201727897},
publisher = {Addison-Wesley Longman Publishing Co., Inc.},
address = {USA},
abstract = {}
}

@inproceedings{10.1145/1619258.1619260,
author = {Hinze, Annika and Sachs, Kai and Buchmann, Alejandro},
title = {Event-Based Applications and Enabling Technologies},
year = {2009},
isbn = {9781605586656},
publisher = {Association for Computing Machinery},
address = {New York, NY, USA},
url = {https://doi.org/10.1145/1619258.1619260},
doi = {10.1145/1619258.1619260},
abstract = {},
booktitle = {Proceedings of the Third ACM International Conference on Distributed
Event-Based Systems},
articleno = {1},
numpages = {15},
location = {Nashville, Tennessee},
series = {DEBS '09}
}

@book{10.5555/1162246,
author = {M\"{u}hl, Gero and Fiege, Ludger and Pietzuch, Peter},
title = {Distributed Event-Based Systems},
year = {2006},
isbn = {3540326510},
publisher = {Springer-Verlag},
address = {Berlin, Heidelberg}
}

@misc{jennings,
author={Thomas Jennings},
title={Listen to events from a distributed blockchain network},
year={2020},
howpublished={\url{https://developer.ibm.com/technologies/java/tutorials/listen-to-events-from-a-distributed-blockchain-network/}},
}

@misc{amazon,
author={Emile Baizel},
title={Building an event-based application with Amazon Managed Blockchain},
year={2020},
howpublished={\url{https://aws.amazon.com/blogs/database/building-an-event-based-application-with-amazon-managed-blockchain/}},
}

@article{Li2018DecentralizedPT,
  title={Decentralized Privacy-Preserving Timed Execution in Blockchain-Based Smart Contract Platforms},
  author={Chao Li and B. Palanisamy},
  journal={2018 IEEE 25th International Conference on High Performance Computing (HiPC)},
  year={2018},
  pages={265-274}
}

@article{merriam2015ethereum,
  title={Ethereum alarm clock},
  author={Merriam, Piper},
  journal={Online document. URL http://docs. ethereum-alarm-clock. com/en/latest},
  year={2015}
}

@article{Li2020EventWardenAD,
  title={EventWarden: A Decentralized Event-driven Proxy Service for Outsourcing Arbitrary Transactions in Ethereum-like Blockchains},
  author={Chaofeng Li and B. Palanisamy},
  journal={ArXiv},
  year={2020},
  volume={abs/2004.12793}
}

@misc{awsblock,
  author       = {Amazon AWS},
  title        = {Amazon Managed Blockchain},
  url          = {https://aws.amazon.com/managed-blockchain/},
  lastaccessed = {September 26, 2020},
}

@inproceedings{hull2017blockchain,
  title={Blockchain: distributed event-based processing in a data-centric world},
  author={Hull, Richard},
  booktitle={Proceedings of the 11th ACM International Conference on Distributed and Event-based Systems},
  pages={2--4},
  year={2017}
}

@article{buterin2014ethereum,
  title={Ethereum: A next-generation smart contract and decentralized application platform},
  author={Buterin, Vitalik and others},
  journal={URL https://github.com/ethereum/wiki/wiki},
  year={2014}
}

@article{szabo1997formalizing,
  title={Formalizing and securing relationships on public networks},
  author={Szabo, Nick},
  journal={First Monday},
  year={1997}
}

@misc{nakamoto2008bitcoin,
author={Satoshi Nakamoto},
title={Bitcoin: a peer-to-peer electronic cash system},
year={2008},
howpublished={\url{https://bitcoin.org/bitcoin.pdf}}
}

@article{kehrli2016blockchain,
  title={Blockchain 2.0-from bitcoin transactions to smart contract applications},
  author={Kehrli, Jerome},
  journal={Niceideas, November. Available at: https://www. niceideas. ch/roller2/badtrash/entry/blockchain-2-0-frombitcoin},
  year={2016}
}

@misc{io2019eos,
author={EOS.IO},
title={EOS.IO technical white paper v2},
year={2018},
howpublished={\url{https://github.com/eosio/documentation/blob/master/TechnicalWhitePaper.md}},

}

@inproceedings{androulaki2018hyperledger,
  title={Hyperledger fabric: a distributed operating system for permissioned blockchains},
  author={Androulaki, Elli and Barger, Artem and Bortnikov, Vita and Cachin, Christian and Christidis, Konstantinos and De Caro, Angelo and Enyeart, David and Ferris, Christopher and Laventman, Gennady and Manevich, Yacov and others},
  booktitle={Proceedings of the thirteenth EuroSys conference},
  pages={1--15},
  year={2018}
}

@misc{lerner2019rootstock,
author={Lerner, S Demian},
title={Rootstock: Bitcoin powered smart contracts v11},
year={2019},
howpublished={\url{https://www.rsk.co/Whitepapers/RSK-White-Paper-Updated.pdf}},

}

@inproceedings{kiayias2017ouroboros,
  title={Ouroboros: A provably secure proof-of-stake blockchain protocol},
  author={Kiayias, Aggelos and Russell, Alexander and David, Bernardo and Oliynykov, Roman},
  booktitle={Annual International Cryptology Conference},
  pages={357--388},
  year={2017},
  organization={Springer}
}

@article{mazieres2015stellar,
  title={The stellar consensus protocol: A federated model for internet-level consensus},
  author={Mazieres, David},
  journal={Stellar Development Foundation},
  volume={32},
  year={2015},
  publisher={Citeseer}
}

@article{al2020trustworthy,
  title={Trustworthy Blockchain Oracles: Review, Comparison, and Open Research Challenges},
  author={Al-Breiki, Hamda and Rehman, Muhammad Habib Ur and Salah, Khaled and Svetinovic, Davor},
  journal={IEEE Access},
  volume={8},
  pages={85675--85685},
  year={2020},
  publisher={IEEE}
}

@article{egberts2017oracle,
  title={The Oracle Problem-An Analysis of how Blockchain Oracles Undermine the Advantages of Decentralized Ledger Systems},
  author={Egberts, Alexander},
  year={2017}
}

@misc{chainlink,
author={Ellis, Steve and Juels, Ari and Nazarov, Sergey},
title={ChainLink: A Decentralized Oracle Network},
year={2017},
howpublished={\url{https://link.smartcontract.com/whitepaper}}
}

@misc{provable,
author={Provable},
howpublished={\url{https://provable.xyz}},
note={Accessed on Sep. 10, 2020.}
}

@misc{augur,
author={Peterson, Jack and Krug, Joseph and Zoltu, Micah and Williams, Austin K. and Alexander, Stephanie},
title={Augur: a Decentralized Oracle and Prediction Market Platform},
year={2019},

}

@misc{team2017zilliqa,
author={The Zilliqa Team},
title={The zilliqa technical whitepaper},
year={2017},
howpublished={\url{https://docs.zilliqa.com/whitepaper.pdf}},

}

@article{al2017chainspace,
  title={Chainspace: A sharded smart contracts platform},
  author={Al-Bassam, Mustafa and Sonnino, Alberto and Bano, Shehar and Hrycyszyn, Dave and Danezis, George},
  journal={arXiv preprint arXiv:1708.03778},
  year={2017}
}

@inproceedings{zamani2018rapidchain,
  title={Rapidchain: Scaling blockchain via full sharding},
  author={Zamani, Mahdi and Movahedi, Mahnush and Raykova, Mariana},
  booktitle={Proceedings of the 2018 ACM SIGSAC Conference on Computer and Communications Security},
  pages={931--948},
  year={2018}
}

@article{liu2020defioracles,
  title={A First Look into DeFi Oracles},
  author={Liu, Bowen and Szalachowski, Pawel},
  journal={arXiv preprint arXiv:2005.04377},
  year={2020}
}

@misc{mcintosh2020ethereum,
author={Rachel McIntosh},
title={Ethereum Struggles under the Weight of DeFi Growth: Is ETH Doomed to Fail?},
year={2020},
month={September},
howpublished={Finance Magnates, \url{https://www.financemagnates.com/cryptocurrency/news/ethereum-struggles-under-the-weight-of-defi-growth-is-eth-doomed-to-fail}},

}

@phdthesis{parzyjegla2012engineering,
  title={Engineering Publish/Subscribe Systems and Event-Driven Applications},
  author={Parzyjegla, Helge},
  year={2012},
  school={University of Rostock, Germany}
}

@article{eugster2003many,
  title={The many faces of publish/subscribe},
  author={Eugster, Patrick Th and Felber, Pascal A and Guerraoui, Rachid and Kermarrec, Anne-Marie},
  journal={ACM computing surveys},
  volume={35},
  number={2},
  pages={114--131},
  year={2003},
  publisher={ACM New York, NY, USA}
}

@book{richards2015software,
author = {Richards, Mark},
publisher = {O'Reilly Media, Inc},
title = {Software Architecture Patterns},
year = {2015},

}

@article{chen2020survey,
  title={A Survey on Ethereum Systems Security: Vulnerabilities, Attacks, and Defenses},
  author={Chen, Huashan and Pendleton, Marcus and Njilla, Laurent and Xu, Shouhuai},
  journal={ACM Computing Surveys},
  volume={53},
  number={3},
  pages={1--43},
  year={2020},
  publisher={ACM New York, NY, USA}
}

@inproceedings{luu2016making,
  title={Making smart contracts smarter},
  author={Luu, Loi and Chu, Duc-Hiep and Olickel, Hrishi and Saxena, Prateek and Hobor, Aquinas},
  booktitle={Proceedings of the 2016 ACM SIGSAC conference on computer and communications security},
  pages={254--269},
  year={2016}
}

@inproceedings{cachin2016architecture,
  title={Architecture of the hyperledger blockchain fabric},
  author={Cachin, Christian and others},
  booktitle={Workshop on distributed cryptocurrencies and consensus ledgers},
  volume={310},
  year={2016}
}

@inproceedings{hinze2009event,
  title={Event-based applications and enabling technologies},
  author={Hinze, Annika and Sachs, Kai and Buchmann, Alejandro},
  booktitle={Proceedings of the Third ACM International Conference on Distributed Event-Based Systems},
  pages={1--15},
  year={2009}
}















@techreport{wood2014ethereum,
  title={Ethereum: {A} secure decentralised generalised transaction ledger},
  author={Wood, Gavin},
  institution={Ethereum Project -- {Yellow} Paper},
  number={EIP-150},
    pages={1--32},
  year={2014},
  month={April}
}

@misc{solidity,
author={{Ethereum}},
title ={Solidity Documentation},
howpublished={\url{https://solidity.readthedocs.io/en/latest/}},

}

@misc{chainlinkDoc,
author={{ChainLink}},
title ={ChainLink Developer Documentation},
howpublished={\url{https://docs.chain.link}},
}

@misc{chainlinkPriceFeeds,
author={{ChainLink}},
title ={Ethereum Price Feeds},
howpublished={\url{https://docs.chain.link/docs/ethereum-addresses}},
}

@misc{team2017etherscan,
  title={The ethereum block explorer},
  author={Etherscan},
  year={2017}
}

@misc{machine2015internet,
author={{Wayback Machine}},
title ={The Internet Archive},
howpublished={\url{https://archive.org/web/}},
}


@article{chen2019survey,
  title={A Survey on {Ethereum} Systems Security: Vulnerabilities, Attacks and Defenses},
  author={Chen, Huashan and Pendleton, Marcus and Njilla, Laurent and Xu, Shouhuai},
  journal={arXiv preprint arXiv:1908.04507},
  year={2019}
}

@misc{vyper,
author={{Ethereum}},
title ={Vyper Documentation},
howpublished={\url{https://vyper.readthedocs.io/en/v0.1.0-beta.15/}},

}

@misc{merriam2020update,
author={Piper Merriam},
title={Update on the {Vyper} Compiler},
howpublished={Ethereum Blog, \url{https://blog.ethereum.org/2020/01/08/update-on-the-vyper-compiler/}},
year={2020},
}
month={January}

@misc{openzeppelin2020safemath,
author={{OpenZeppelin}},
title={{OpenZeppelin} {Contracts}: Library for secure smart contract development -- {SafeMath}},
howpublished={GitHub, \url{https://github.com/OpenZeppelin/openzeppelin-contracts/blob/master/contracts/math/SafeMath.sol}},
year={2020}
}

@misc{feist2019watch,
author={Josselin Feist},
title={Watch Your Language: Our First {Vyper} Audit},
howpublished={Security Boulevard, \url{https://securityboulevard.com/2019/10/watch-your-language-our-first-vyper-audit/}},
year={2019},
month={October}
}

@misc{vyper_low,
author={{Vyper Documentation}},
title ={Low Level Built in Functions},
howpublished={\url{https://vyper.readthedocs.io/en/latest/built-in-functions.html#low-level-built-in-functions}},

}

@misc{vyper_github,
author={{Vyper}},
title={Vyper {GitHub} repository},
howpublished={\url{https://github.com/vyperlang/vyper/blob/e244d842e883666540f126b7fdfd8a3177341ba4/vyper/functions/functions.py#L740}},
year={2020},
month={January}
}

@misc{vyper_non,
author={{Vyper Documentation}},
title ={Non-Reentrant Functions},
howpublished={\url{https://vyper.readthedocs.io/en/latest/structure-of-a-contract.html?highlight=reentrance#non-reentrant-functions}},

}

@misc{openzeppelin2020reentrancy,
author={{OpenZeppelin}},
title={{OpenZeppelin} {Contracts}: Library for secure smart contract development -- {Reentrancy Guard}},
howpublished={GitHub, \url{https://github.com/OpenZeppelin/openzeppelin-contracts/blob/master/contracts/utils/ReentrancyGuard.sol}},
year={2020}
}

@misc{solidity2018solidity,
author={{Solidity Security Blog}},
title={Solidity Security: Unexpected Ether},
howpublished={GitHub, \url{https://github.com/sigp/solidity-security-blog#3-unexpected-ether-1}},
year={2018},
note={Accessed on Feb. 26, 2020.}
}

@misc{solidity_micro,
author={{Solidity Documentation}},
title ={{Solidity} by Example -- {Micropayment} Channel},
howpublished={\url{https://solidity.readthedocs.io/en/v0.5.3/solidity-by-example.html#micropayment-channel}},
note={Accessed on Feb. 26, 2020.},
}

@misc{replay,
author={baizhenxuan},
title={Replay Attacks on {Ethereum} Smart Contracts},
howpublished={GitHub, \url{https://github.com/nkbai/defcon26/blob/master/docs/Replay\%20Attacks\%20on\%20Ethereum\%20Smart\%20Contracts.md}},
year={2018},
month={September},
note={Accessed on Feb. 26, 2020.}
}

@techreport{buterin2016simple,
  title={Simple replay attack protection},
  author={Vitalik Buterin},
  institution={Ethereum Project},
  number={EIP-155},
  year={2016},
  month={October},
  url={https://github.com/ethereum/EIPs/blob/master/EIPS/eip-155.md}
}

@misc{marx2018signing,
author={Steve Marx},
title={Signing and Verifying Messages in {Ethereum}},
howpublished={Program the Blockchain, \url{https://programtheblockchain.com/posts/2018/02/17/signing-and-verifying-messages-in-ethereum/}},
year={2018},
month={February}
}

@misc{solidity_breaking,
author={{Solidity Documentation}},
title ={Solidity v0.5.0 Breaking Changes},
howpublished={\url{https://solidity.readthedocs.io/en/v0.5.0/050-breaking-changes.html}},
note={Accessed on Feb. 26, 2020.},
}

@misc{solidity2018storage,
author={{Solidity Security Blog}},
title={Solidity Security: Uninitialised Storage Pointers},
howpublished={GitHub, \url{https://github.com/sigp/solidity-security-blog#storage}},
year={2018},
note={Accessed on Feb. 26, 2020.}
}

@misc{smart_incorrect,
author={{SmartContractSecurity}},
title={{SWC-118}: Incorrect Constructor Name},
howpublished={SWC Registry, \url{https://swcregistry.io/docs/SWC-118}},
note={Accessed on Feb. 26, 2020.}
}

@misc{solidity_release,
author={{Solidity Documentation}},
title ={Solidity Version 0.4.22 Release Notes},
howpublished={\url{https://github.com/ethereum/solidity/releases/tag/v0.4.22}},
note={Accessed on Feb. 26, 2020.},
}

@misc{vessenes2016tx,
author={Peter Vessenes},
title={{Tx.Origin} And {Ethereum} Oh My!},
howpublished={\url{https://vessenes.com/tx-origin-and-ethereum-oh-my/}},
year={2016},
month={June},
note={Accessed on Feb. 26, 2020.}
}

@inproceedings{atzei2017survey,
  title={A Survey of Attacks on {Ethereum} Smart Contracts {(SoK)}},
  author={Atzei, Nicola and Bartoletti, Massimo and Cimoli, Tiziana},
  booktitle={Proceedings of the 6th International Conference on Principles of Security and Trust (POST)},
  pages={164--186},
  year={2017},
  month={April},
  publisher={Springer}
}

@misc{consensys_known,
author={{ConsenSys Diligence}},
title={Known Attacks -- {DoS} with unexpected revert},
howpublished={Ethereum Smart Contract Best Practices, \url{https://consensys.github.io/smart-contract-best-practices/known_attacks/#dos-with-unexpected-revert}},
note={Accessed on Feb. 26, 2020.}
}

@misc{ethereum_safety,
author={{Ethereum community}},
title={Safety -- {Ethereum} Contract Security Techniques and Tips -- {Favor} pull over push for external calls},
howpublished={\url{https://github.com/ethereum/wiki/wiki/Safety#favor-pull-over-push-for-external-calls}},
note={Accessed on Feb. 26, 2020.}
}

@techreport{entriken2018non,
  title={{ERC}-721: Non-Fungible Token Standard},
  author={William Entriken and Dieter Shirley and Jacob Evans and Nastassia Sachs},
  institution={Ethereum Improvement Proposals},
  number={EIP-721},
  year={2018},
  month={January},
}

@misc{king2016post,
author={{King of the Ether}},
title={Post-Mortem Investigation},
year={2016},
month={February},
howpublished={\url{https://www.kingoftheether.com/postmortem.html}}
}

@misc{humiston2018smart,
author={Pete Humiston},
title={Smart Contract Attacks [Part 2] -- Ponzi Games Gone Wrong},
year={2018},
month={July},
howpublished={Hackernoon, \url{https://hackernoon.com/smart-contract-attacks-part-2-ponzi-games-gone-wrong-d5a8b1a98dd8}}
}

@misc{siegel2016understanding,
author={David Siegel},
title={Understanding {The} {DAO} Attack},
year={2016},
month={July},
howpublished={CoinDesk, \url{https://www.coindesk.com/understanding-dao-hack-journalists}}
}

@misc{palladino2017parity,
author={Santiago Palladino},
title={The {Parity} {Wallet} Hack Explained},
year={2017},
month={July},
howpublished={OpenZeppelin blog, \url{https://blog.openzeppelin.com/on-the-parity-wallet-multisig-hack-405a8c12e8f7/}}
}

@misc{morisander2018biggest,
author={Morisander},
title={The biggest smart contract hacks in history or how to endanger up to {US} \$2.2 billion},
year={2018},
month={March},
howpublished={\url{https://medium.com/solidified/the-biggest-smart-contract-hacks-in-history-or-how-to-endanger-up-to-us-2-2-billion-d5a72961d15d}}
}

@misc{nvd2018cve,
author={{National Vulnerability Database}},
title={CVE-2018-10299},
year={2018},
month={April},
howpublished={\url{https://nvd.nist.gov/vuln/detail/CVE-2018-10299}}
}

@misc{panda2018million,
author={Crypto Panda},
title={The \$3 Million Winner of {Fomo3D} Is Still Playing to Win},
year={2018},
month={August},
howpublished={LONGHASH, \url{https://en.longhash.com/news/the-3-million-winner-of-fomo3d-is-still-playing-to-win}}
}

@misc{palmer2018spankchain,
author={Daniel Palmer},
title={{SpankChain} Loses \$40K in Hack Due to Smart Contract Bug},
year={2018},
month={Octorber},
howpublished={CoinDesk, \url{https://www.coindesk.com/spankchain-loses-40k-in-hack-due-to-smart-contract-bug}}
}

@misc{finley2016million,
  title={A \$50 Million Hack Just Showed That the {DAO} Was All Too Human},
  author={Klint Finley},
  month={June},
  year={2016},
  howpublished={Wired \url{https://www.wired.com/2016/06/50-million-hack-just-showed-dao-human/}}
}

@misc{newman2017security,
  title={Security News This Week: \$280M Worth of {Ethereum} Is Trapped Thanks to a Dumb Bug},
  author={Lily Hay Newman},
  month={November},
  year={2017},
  howpublished={WIRED, \url{https://www.wired.com/story/280m-worth-of-ethereum-is-trapped-for-a-pretty-dumb-reason/}}
}

@misc{chainlinkdevcomm,
  title={Developer Communications},
  author={ChainLink},
  month={August},
  year={2020},
  howpublished={\url{https://docs.chain.link/docs/developer-communications}}
}

@misc{chainlinkecosys,
  title={Ecosystem},
  author={ChainLink},
  month={March},
  year={2021},
  howpublished={\url{https://chainlinkecosystem.com/ecosystem}}
}



@misc{synthetix,
  title={Synthetix},
  year={2019},
  howpublished={\url{https://www.synthetix.io}}
}

@misc{coinmardefi,
  title={DeFi Category},
  author={Coinmarketcap},
  month={March},
  year={2021},
  howpublished={\url{https://coinmarketcap.com/defi}}
}



@inproceedings{di2019survey,
  title={A survey of tools for analyzing {Ethereum} smart contracts},
  author={Di Angelo, Monika and Salzer, Gernot},
  booktitle=proc # {2019 IEEE International Conference on Decentralized Applications and Infrastructures (DAPPCON)},
  year={2019}
}

@inproceedings{kirillov2019evaluation,
  title={Evaluation of Tools for Analyzing Smart Contracts in Distributed Ledger Technologies},
  author={Kirillov, Denis and Iakushkin, Oleg and Korkhov, Vladimir and Petrunin, Vadim},
  booktitle=proc # {19th International Conference on Computational Science and Its Applications (ICCSA)},
  pages={522--536},
  year={2019},
  organization={Springer}
}

@article{liu2019survey,
  title={A Survey on Security Verification of Blockchain Smart Contracts},
  author={Liu, Jing and Liu, Zhentian},
  journal={IEEE Access},
  year={2019},
  volume={7},
  publisher={IEEE}
}

@article{harz2018towards,
  title={Towards safer smart contracts: A survey of languages and verification methods},
  author={Harz, Dominik and Knottenbelt, William},
  journal={arXiv preprint arXiv:1809.09805},
  year={2018}
}

@inproceedings{parizi2018empirical,
  title={Empirical Vulnerability Analysis of Automated Smart Contracts Security Testing on Blockchains},
  author={Parizi, Reza M and Dehghantanha, Ali and Choo, Kim-Kwang Raymond and Singh, Amritraj},
  booktitle=proc # {28th Annual International Conference on Computer Science and Software Engineering (CASCON)},
  year={2018}
}

@article{brent2018vandal,
  title={Vandal: A Scalable Security Analysis Framework for Smart Contracts},
  author={Brent, Lexi and Jurisevic, Anton and Kong, Michael and Liu, Eric and Gauthier, Francois and Gramoli, Vincent and Holz, Ralph and Scholz, Bernhard},
  journal={arXiv preprint arXiv:1809.03981},
  year={2018}
}

@inproceedings{nikolic2018finding,
  title={Finding the greedy, prodigal, and suicidal contracts at scale},
  author={Nikoli{\'c}, Ivica and Kolluri, Aashish and Sergey, Ilya and Saxena, Prateek and Hobor, Aquinas},
  booktitle=proc # {34th Annual Computer Security Applications Conference (ACSAC)},
  pages={653--663},
  year={2018}
}

@inproceedings{mavridou2018designing,
author={Anastasia Mavridou and Aron Laszka},
title={Designing Secure {Ethereum} Smart Contracts: A Finite State Machine Based Approach},
booktitle=proc # {22nd International Conference on Financial Cryptography and Data Security (FC)},
year={2018},
month={February}
}

@inproceedings{mavridou2019verisolid,
author={Anastasia Mavridou and Aron Laszka and Emmanouela Stachtiari and Abhishek Dubey},
title={{VeriSolid}: Correct-by-Design Smart Contracts for {Ethereum}},
booktitle=proc # {23rd International Conference on Financial Cryptography and Data Security (FC)},
year={2019},
month={February}
}

@inproceedings{tsankov2018securify,
  title={Securify: Practical Security Analysis of Smart Contracts},
  author={Tsankov, Petar and Dan, Andrei and Cohen, Dana Drachsler and Gervais, Arthur and Buenzli, Florian and Vechev, Martin},
  booktitle=proc # {25th ACM Conference on Computer and Communications Security (CCS)},
  year={2018}
}

@article{kaleem2020vyper,
  title={Vyper: A Security Comparison with Solidity Based on Common Vulnerabilities},
  author={Kaleem, Mudabbir and  Mavridou, Anastasia and Laszka, Aron},
  journal={arXiv preprint arXiv:2003.07435},
  year={2020}
}